@ARTICLE{NDMF2015,
author = {{Novella}, D. and {Dolejs}, D and {Myhill}, R. and Frost, D. J.},
title = "{Melting phase relations in the systems Mg$_2$SiO$_4$-H$_2$O and MgSiO$_3$-H$_2$O at upper mantle conditions}",
journal = {in prep},
year = 2015
}

@ARTICLE{KKR1996,
   author = {{Kohlstedt}, D.~L. and {Keppler}, H. and {Rubie}, D.~C.},
    title = "{Solubility of water in the {$\alpha$}, {$\beta$} and {$\gamma$} phases of (Mg,Fe)$_{2}$SiO$_{4}$}",
  journal = {Contributions to Mineralogy and Petrology},
     year = 1996,
    month = may,
   volume = 123,
    pages = {345-357},
      doi = {10.1007/s004100050161},
   adsurl = {http://adsabs.harvard.edu/abs/1996CoMP..123..345K},
  adsnote = {Provided by the SAO/NASA Astrophysics Data System}
}

@ARTICLE{KS2010,
   author = {{Karki}, B.~B. and {Stixrude}, L.},
    title = "{First-Principles Study of Enhancement of Transport Properties of Silica Melt by Water}",
  journal = {Physical Review Letters},
 keywords = {Computer simulation of liquid structure, High-pressure effects in solids and liquids, Diffusion and ionic conduction in liquids, Viscosity of liquids, diffusive momentum transport},
     year = 2010,
    month = may,
   volume = 104,
   number = 21,
      eid = {215901},
    pages = {215901},
      doi = {10.1103/PhysRevLett.104.215901},
   adsurl = {http://adsabs.harvard.edu/abs/2010PhRvL.104u5901K},
  adsnote = {Provided by the SAO/NASA Astrophysics Data System}
}


@ARTICLE{SLB2011,
   author = {{Stixrude}, L. and {Lithgow-Bertelloni}, C.},
    title = "{Thermodynamics of mantle minerals - II. Phase equilibria}",
  journal = {Geophysical Journal International},
 keywords = {Composition of the mantle, Elasticity and anelasticity, Equations of state, High-pressure behaviour, Phase transitions, Planetary interiors},
     year = 2011,
    month = mar,
   volume = 184,
    pages = {1180-1213},
      doi = {10.1111/j.1365-246X.2010.04890.x},
   adsurl = {http://adsabs.harvard.edu/abs/2011GeoJI.184.1180S},
  adsnote = {Provided by the SAO/NASA Astrophysics Data System}
}

@ARTICLE{DKS2013,
   author = {{de Koker}, N. and {Karki}, B.~B. and {Stixrude}, L.},
    title = "{Thermodynamics of the MgO-SiO$_{2}$ liquid system in Earth's lowermost mantle from first principles}",
  journal = {Earth and Planetary Science Letters},
     year = 2013,
    month = jan,
   volume = 361,
    pages = {58-63},
      doi = {10.1016/j.epsl.2012.11.026},
   adsurl = {http://adsabs.harvard.edu/abs/2013E%26PSL.361...58D},
  adsnote = {Provided by the SAO/NASA Astrophysics Data System}
}

@ARTICLE{ZGK2004,
   author = {{Zhao}, Y.-H. and {Ginsberg}, S.~B. and {Kohlstedt}, D.~L.},
    title = "{Solubility of hydrogen in olivine: dependence on temperature and iron content}",
  journal = {Contributions to Mineralogy and Petrology},
     year = 2004,
   volume = 147,
    pages = {155-161},
      doi = {10.1007/s00410-003-0524-4},
   adsurl = {http://adsabs.harvard.edu/abs/2004CoMP..147..155Z},
  adsnote = {Provided by the SAO/NASA Astrophysics Data System}
}


@article{MDAR2006,
author = {Mosenfelder, Jed L. and Deligne, Natalia I. and Asimow, Paul D. and Rossman, George R.}, 
title = "{Hydrogen incorporation in olivine from 2--12 GPa}",
volume = {91}, 
number = {2-3}, 
pages = {285-294}, 
year = {2006}, 
doi = {10.2138/am.2006.1943}, 
journal = {American Mineralogist} 
}

@article{Smyth1987,
author = {Smyth, Joseph R.}, 
title = "{$\beta$-Mg$_2$SiO$_4$: a potential host for water in the mantle?}",
volume = {72}, 
number = {11-12}, 
pages = {1051-1055}, 
year = {1987}, 
journal = {American Mineralogist} 
}

@ARTICLE{KKMO2000,
   author = {{Kudoh}, Y. and {Kuribayashi}, T. and {Mizobata}, H. and {Ohtani}, E.
	},
    title = "{Structure and cation disorder of hydrous ringwoodite, {$\gamma$}-Mg$_{1.89}$Si$_{0.98}$H$_{0.30}$O$_{4}$}",
  journal = {Physics and Chemistry of Minerals},
     year = 2000,
   volume = 27,
    pages = {474-479},
      doi = {10.1007/s002690000091},
   adsurl = {http://adsabs.harvard.edu/abs/2000PCM....27..474K},
  adsnote = {Provided by the SAO/NASA Astrophysics Data System}
}


@article{SHFJLM2003,
author = {Smyth, Joseph R. and Holl, Christopher M. and Frost, Daniel J. and Jacobsen, Steven D. and Langenhorst, Falko and McCammon, Catherine A.}, 
title = "{Structural systematics of hydrous ringwoodite and water in Earth’s interior}",
volume = {88}, 
number = {10}, 
pages = {1402-1407}, 
year = {2003}, 
journal = {American Mineralogist} 
}

@article{Nagano2002,
	author = "Nagano, Yatsuhisa",
	doi = "10.1016/S0021-9614(02)00163-5",
	issn = "0021-9614",
	journal = "The Journal of Chemical Thermodynamics",
	keywords = "micro-combustion calorimetry; platinic acid; standard enthalpy of formation",
	note = "",
	number = "11",
	pages = "1745--1750",
	title = "{Standard enthalpy of formation of platinic acid}",
	volume = "34",
	year = "2002"
}

@article{FIYKFO2005,
author = {Fukui, Hiroshi and Inoue, Toru and Yasui, Tetsuro and Katsura, Tomoo and Funakoshi, Ken-ichi and Ohtaka, Osamu}, 
title = "{Decomposition of brucite up to 20 GPa: evidence for high MgO-solubility in the liquid phase}",
volume = {17}, 
number = {2}, 
pages = {261-267}, 
year = {2005}, 
doi = {10.1127/0935-1221/2005/0017-0261},
journal = {European Journal of Mineralogy} 
}

@article{HM2012,
   author = {{Hunt}, J. D. and {Manning}, C. E.},
    title = "{A thermodynamic model for the system SiO$_{2}$-H$_{2}$O near the upper critical end point based on quartz solubility experiments at 500-1100 $^{\circ}$C and 5--20 kbar}",
  journal = {Geochemica and Cosmochemica Acta},
     year = 2012,
    month = jun,
   volume = 86,
    pages = {196-213},
      doi = {10.1016/j.gca.2012.03.006},
   adsurl = {http://adsabs.harvard.edu/abs/2012GeCoA..86..196H},
  adsnote = {Provided by the SAO/NASA Astrophysics Data System}
}

@article{MSUP2007,
	author = "E. {Melekhova} and M.~W. {Schmidt} and P. {Ulmer} and T. {Pettke}",
	title = "{The composition of liquids coexisting with dense hydrous magnesium silicates at 11--13.5 GPa and the endpoints of the solidi in the MgO-SiO$_2$-{H$_2$O} system}",
	journal= {Geochemica and Cosmochemica Acta},
	year = 2007,
	month = jul,
	volume = 71,
	pages = "3348--3360",
	doi = "10.1016/j.gca.2007.03.034",
	adsurl = "http://adsabs.harvard.edu/abs/2007GeCoA..71.3348M",
	adsnote = "Provided by the SAO/NASA Astrophysics Data System"
}

@article{MFY2002,
	author = "K. {Mibe} and T. {Fujii} and A. {Yasuda}",
	title = "{Composition of aqueous fluid coexisting with mantle minerals at high pressure and its bearing on the differentiation of the Earth's mantle}",
	journal = "Geochemica and Cosmochemica Acta",
	year = 2002,
	month = jun,
	volume = 66,
	pages = "2273--2285",
	doi = "10.1016/S0016-7037(02)00856-6",
	adsurl = "http://adsabs.harvard.edu/abs/2002GeCoA..66.2273M",
	adsnote = "Provided by the SAO/NASA Astrophysics Data System"
}

@article{Sta2004,
	author = "R. {Stalder}",
	title = "{Comment on K. Mibe, T. Fujii, and A. Yasuda (2002), ``Composition of aqueous fluid coexisting with mantle minerals at high pressure and its bearing on the differentiation of the Earth's mantle,'' Geochimica et Cosmochimica Acta 66,2273-2285}",
	journal = "Geochemica and Cosmochemica Acta",
	year = 2004,
	month = feb,
	volume = 68,
	pages = "927--928",
	doi = "10.1016/j.gca.2003.01.001",
	adsurl = "http://adsabs.harvard.edu/abs/2004GeCoA..68..927S",
	adsnote = "Provided by the SAO/NASA Astrophysics Data System"
}

@article{MFY2004,
	author = "K. {Mibe} and T. {Fujii} and A. {Yasuda}",
	title = "{Response to the comment by R. Stalder on ``Composition of aqueous fluid coexisting with mantle minerals at high pressure and its bearing on the differentiation of the Earth's mantle''}",
	journal = "Geochemica and Cosmochemica Acta",
	volume = "68",
	number = "4",
	pages = "929--930",
	year = "2004",
	note = "",
	issn = "0016-7037",
	doi = "10.1016/j.gca.2003.07.003"
}

@article{SUTG2001,
	author = {R. {Stalder} and P. {Ulmer} and A.~B. {Thompson} and D. {G{\"u}nther}},
	title = "{High pressure fluids in the system MgO-SiO$_2$-{H$_2$O} under upper mantle conditions}",
	journal = "Contributions to Mineralogy and Petrology",
	year = 2001,
	volume = 140,
	pages = "607--618",
	doi = "10.1007/s004100000212",
	adsurl = "http://adsabs.harvard.edu/abs/2000CoMP..140..607S",
	adsnote = "Provided by the SAO/NASA Astrophysics Data System"
}

@article{YII2004,
	author = "Yamada, Akihiro and Inoue, Toru and Irifune, Tetsuo",
	doi = "10.1016/j.pepi.2004.05.005",
	issn = "0031-9201",
	journal = "Physics of the Earth and Planetary Interiors",
	keywords = "Hydrous melting; Clinoenstatite; Incongruent melting; Mantle transition zone; Stishovite; Fractionation",
	note = "",
	number = "1",
	pages = "45–56",
	title = "{Melting of enstatite from 13 to 18 GPa under hydrous conditions}",
	volume = "147",
	year = "2004"
}

@article{FPTLDR2004,
   author = {{Frost}, D.~J. and {Poe}, B.~T. and {Tr{\o}nnes}, R.~G. and 
	{Liebske}, C. and {Duba}, A. and {Rubie}, D.~C.},
    title = "{A new large-volume multianvil system}",
  journal = {Physics of the Earth and Planetary Interiors},
     year = 2004,
    month = jun,
   volume = 143,
    pages = {507-514},
      doi = {10.1016/j.pepi.2004.03.003},
   adsurl = {http://adsabs.harvard.edu/abs/2004PEPI..143..507F},
  adsnote = {Provided by the SAO/NASA Astrophysics Data System}
}

@ARTICLE{AA1980,
   author = {{Akimoto}, S. and {Akaogi}, M.},
    title = "{The system Mg$_{2}$SiO$_{4}$-MgO-H$_{2}$O at high pressures and temperatures -- Possible hydrous magnesian silicates in the mantle transition zone}",
  journal = {Physics of the Earth and Planetary Interiors},
     year = 1980,
    month = dec,
   volume = 23,
    pages = {268-275},
      doi = {10.1016/0031-9201(80)90123-5},
   adsurl = {http://adsabs.harvard.edu/abs/1980PEPI...23..268A},
  adsnote = {Provided by the SAO/NASA Astrophysics Data System}
}

@article{KOM2005,
	author = "Komabayashi, Tetsuya and Omori, Soichi and Maruyama, Shigenori",
	doi = "10.1016/j.pepi.2005.07.001",
	issn = "0031-9201",
	journal = "Physics of the Earth and Planetary Interiors",
	keywords = "High pressure; Hydrous phase; Thermodynamic data; Subduction; Water transportation",
	note = "",
	number = "4",
	pages = "191–209",
	title = "{Experimental and theoretical study of stability of dense hydrous magnesium silicates in the deep upper mantle}",
	volume = "153",
	year = "2005"
}

@ARTICLE{PW1993,
   author = {{Presnall}, D.~C. and {Walter}, M.~J.},
    title = "{Melting of forsterite, Mg$_2$SiO$_4$, from 9.7 to 16.5 GPa}",
  journal = {Journal of Geophysical Research},
 keywords = {Earth Mantle, Forsterite, High Pressure, Melting, Melting Points, Phase Transformations, Polymorphism},
     year = 1993,
    month = nov,
   volume = 98,
    pages = {19777},
      doi = {10.1029/93JB01007},
   adsurl = {http://adsabs.harvard.edu/abs/1993JGR....9819777P},
  adsnote = {Provided by the SAO/NASA Astrophysics Data System}
}

@ARTICLE{PS2002,
   author = {{Poli}, S. and {Schmidt}, M.~W.},
    title = "{Petrology of Subducted Slabs}",
  journal = {Annual Review of Earth and Planetary Sciences},
 keywords = {phase diagram, experiment, peridotite, basalt, sediment},
     year = 2002,
   volume = 30,
    pages = {207-235},
      doi = {10.1146/annurev.earth.30.091201.140550},
   adsurl = {http://adsabs.harvard.edu/abs/2002AREPS..30..207P},
  adsnote = {Provided by the SAO/NASA Astrophysics Data System}
}

@article{SU2001,
    year={2001},
	author = "Stalder, Roland and Ulmer, Peter",
	doi = "10.1007/s004100000208",
	issn = "0010-7999",
	journal = "Contributions to Mineralogy and Petrology",
	language = "English",
	number = "6",
	pages = "670–679",
	publisher = "Springer-Verlag",
	title = "{Phase relations of a serpentine composition between 5 and 14 GPa: significance of clinohumite and phase E as water carriers into the transition zone}",
	volume = "140"
}


@incollection{KF2005,
  author={Keppler, Hans and Frost, Daniel J},
  title={Introduction to minerals under extreme conditions},
  booktitle={Mineral Behaviour at Extreme Conditions},
  series={European Mineralogical Union Lecture Notes in Mineralogy},
  editor={Miletich, R.},
  year={2005},
  volume= {7},
  pages={1--30},
  publisher={EMU}
}

@article{Wunder1998,
    year={1998},
	author = "Wunder, Bernd",
	doi = "10.1007/s004100050410",
	issn = "0010-7999",
	journal = "Contributions to Mineralogy and Petrology",
	language = "English",
	number = "2",
	pages = "111--120",
	publisher = "Springer-Verlag",
	title = "{Equilibrium experiments in the system MgO–SiO2–H2O (MSH): stability fields of clinohumite-OH [Mg$_9$Si$_4$O$_{16}$(OH)$_2$], chondrodite-OH [Mg$_5$Si$_2$O$_8$(OH)$_2$] and phase A (Mg$_7$Si$_2$O$_8$(OH)$_6$)}",
	volume = "132"
}

@article{AFRH2001,
	author = "Angel, R.J. and Frost, D.J. and Ross, N.L. and Hemley, R.",
	doi = "10.1016/S0031-9201(01)00227-8",
	issn = "0031-9201",
	journal = "Physics of the Earth and Planetary Interiors",
	keywords = "Hydrous phases; Equations of state; Thermodynamic properties phase equilibria; Subduction",
	number = "1--4",
	pages = "181--196",
	title = "{Stabilities and equations of state of dense hydrous magnesium silicates}",
	volume = "127",
	year = "2001"
}

@ARTICLE{Pearsonetal2014,
   author = {{Pearson}, D.~G. and {Brenker}, F.~E. and {Nestola}, F. and 
	{McNeill}, J. and {Nasdala}, L. and {Hutchison}, M.~T. and {Matveev}, S. and {Mather}, K. and {Silversmit}, G. and {Schmitz}, S. and {Vekemans}, B. and 
	{Vincze}, L.},
    title = "{Hydrous mantle transition zone indicated by ringwoodite included within diamond}",
  journal = {Nature},
     year = 2014,
    month = mar,
   volume = 507,
    pages = {221-224},
      doi = {10.1038/nature13080},
   adsurl = {http://adsabs.harvard.edu/abs/2014Natur.507..221P},
  adsnote = {Provided by the SAO/NASA Astrophysics Data System}
}

@ARTICLE{Keppler2014,
   author = {{Keppler}, H.},
    title = "{Geology: Earth's deep water reservoir}",
  journal = {Nature},
     year = 2014,
    month = mar,
   volume = 507,
    pages = {174-175},
      doi = {10.1038/507174a}
}

@article{ZLGHF1993,
	author = "Zhang, Jianzhong and Liebermann, Robert C. and Gasparik, Tibor and Herzberg, Claude T. and Fei, Yingwei",
	doi = "10.1029/93JB02218",
	issn = "2156-2202",
	journal = "Journal of Geophysical Research: Solid Earth",
	number = "B11",
	pages = "19785--19793",
	title = "{Melting and subsolidus relations of SiO$_2$ at 9--14 GPa}",
	volume = "98",
	year = "1993"
}

@ARTICLE{Inoue1994,
   author = {{Inoue}, T.},
    title = "{Effect of water on melting phase relations and melt composition in the system Mg$_{2}$SiO$_{4}$--MgSiO$_{3}$--H$_{2}$O up to 15 GPa}",
  journal = {Physics of the Earth and Planetary Interiors},
     year = 1994,
    month = sep,
   volume = 85,
    pages = {237--263},
      doi = {10.1016/0031-9201(94)90116-3},
   adsurl = {http://adsabs.harvard.edu/abs/1994PEPI...85..237I},
  adsnote = {Provided by the SAO/NASA Astrophysics Data System}
}

@article{PG1990,
	author = {{Presnall}, D. C. and {Gasparik}, T.},
	doi = "10.1029/JB095iB10p15771",
	issn = "2156-2202",
	journal = "Journal of Geophysical Research: Solid Earth",
	number = "B10",
	pages = "15771--15777",
	title = "{Melting of enstatite (MgSiO$_3$) from 10 to 16.5 GPa and the forsterite (Mg$_2$SiO$_4$)-majorite (MgSiO$_3$) eutectic at 16.5 GPa: Implications for the origin of the mantle}",
	volume = "95",
	year = "1990"
}

@ARTICLE{Alfe2005,
   author = {{Alf{\`e}}, D.},
    title = "{Melting Curve of MgO from First-Principles Simulations}",
  journal = {Physical Review Letters},
 keywords = {Solid-liquid transitions, General theory of equations of state and phase equilibria, Viscosity of liquids, diffusive momentum transport, Molecular dynamics calculations  and other numerical simulations},
     year = 2005,
    month = jun,
   volume = 94,
   number = 23,
      eid = {235701},
    pages = {235701},
      doi = {10.1103/PhysRevLett.94.235701},
   adsurl = {http://adsabs.harvard.edu/abs/2005PhRvL..94w5701A},
  adsnote = {Provided by the SAO/NASA Astrophysics Data System}
}

@ARTICLE{LF2012,
   author = {{Liebske}, C. and {Frost}, D.~J.},
    title = "{Melting phase relations in the MgO-MgSiO$_{3}$ system between 16 and 26 GPa: Implications for melting in Earth's deep interior}",
  journal = {Earth and Planetary Science Letters},
     year = 2012,
    month = sep,
   volume = 345,
    pages = {159--170},
      doi = {10.1016/j.epsl.2012.06.038},
   adsurl = {http://adsabs.harvard.edu/abs/2012E%26PSL.345..159L},
  adsnote = {Provided by the SAO/NASA Astrophysics Data System}
}

@ARTICLE{ZB1994,
   author = {{Zerr}, A. and {Boehler}, R.},
    title = "{Constraints on the melting temperature of the lower mantle from high-pressure experiments on MgO and magnesiow{\"u}stite}",
  journal = {Nature},
     year = 1994,
    month = oct,
   volume = 371,
    pages = {506-508},
      doi = {10.1038/371506a0},
   adsurl = {http://adsabs.harvard.edu/abs/1994Natur.371..506Z},
  adsnote = {Provided by the SAO/NASA Astrophysics Data System}
}

@ARTICLE{ZF2008,
   author = {{Zhang}, L. and {Fei}, Y.},
    title = "{Melting behavior of (Mg,Fe)O solid solutions at high pressure}",
  journal = {Geophysical Research Letters},
 keywords = {Mineral Physics: High-pressure behavior, Mineralogy and Petrology: Mineral and crystal chemistry (1042), Mineralogy and Petrology: Thermodynamics (0766, 1011, 8411)},
     year = 2008,
    month = jul,
   volume = 35,
      eid = {L13302},
    pages = {13302},
      doi = {10.1029/2008GL034585},
   adsurl = {http://adsabs.harvard.edu/abs/2008GeoRL..3513302Z},
  adsnote = {Provided by the SAO/NASA Astrophysics Data System}
}

@ARTICLE{CG1994,
   author = {{Cohen}, R.~E. and {Gong}, Z.},
    title = "{Melting and melt structure of MgO at high pressures}",
  journal = {Physcial Review Letters B},
 keywords = {High-pressure and shock wave effects in solids and liquids, Theory and models of liquid structure, Solid-liquid transitions},
     year = 1994,
    month = nov,
   volume = 50,
    pages = {12301--12311},
      doi = {10.1103/PhysRevB.50.12301},
   adsurl = {http://adsabs.harvard.edu/abs/1994PhRvB..5012301C},
  adsnote = {Provided by the SAO/NASA Astrophysics Data System}
}

@ARTICLE{THH2012,
   author = {{Tenner}, T.~J. and {Hirschmann}, M.~M. and {Humayun}, M.},
    title = "{The effect of H$_{2}$O on partial melting of garnet peridotite at 3.5 GPa}",
  journal = {Geochemistry, Geophysics, Geosystems},
 keywords = {experimental petrology, freezing point depression, hydrous garnet peridotite, melt fraction, partial melting, Mineralogy and Petrology: Magma genesis and partial melting (1037), Mineralogy and Petrology: Experimental mineralogy and petrology},
     year = 2012,
    month = mar,
   volume = 13,
      eid = {Q03016},
    pages = {3016},
      doi = {10.1029/2011GC003942},
   adsurl = {http://adsabs.harvard.edu/abs/2012GGG....13.3016T},
  adsnote = {Provided by the SAO/NASA Astrophysics Data System}
}

@article {CHRU2014,
author = {Cottaar, Sanne and Heister, Timo and Rose, Ian and Unterborn, Cayman},
title = "{BurnMan: A lower mantle mineral physics toolkit}",
journal = {Geochemistry, Geophysics, Geosystems},
volume = {15},
number = {4},
issn = {1525-2027},
url = {http://dx.doi.org/10.1002/2013GC005122},
doi = {10.1002/2013GC005122},
pages = {1164--1179},
keywords = {Elasticity and anelasticity, Equations of state, Mantle, Composition of the mantle, Modeling, open-source, elasticity},
year = {2014}
}

@ARTICLE{PWMW1998,
   author = {{Presnall}, D.~C. and {Weng}, Y.-H. and {Milholland}, C.~S. and 
	{Walter}, M.~J.},
    title = "{Liquidus phase relations in the system MgO-MgSiO $_{3}$ at pressures up to 25 GPa: constraints on crystallization of a molten Hadean mantle}",
  journal = {Physics of the Earth and Planetary Interiors},
     year = 1998,
    month = apr,
   volume = 107,
    pages = {83-95},
      doi = {10.1016/S0031-9201(97)00126-X},
   adsurl = {http://adsabs.harvard.edu/abs/1998PEPI..107...83P},
  adsnote = {Provided by the SAO/NASA Astrophysics Data System}
}

@ARTICLE{SS1985,
   author = {{Silver}, L. and {Stolper}, E.},
    title = "{A Thermodynamic Model for Hydrous Silicate Melts}",
  journal = {Journal of Geology},
     year = 1985,
    month = mar,
   volume = 93,
    pages = {161--177},
      doi = {10.1086/628938},
   adsurl = {http://adsabs.harvard.edu/abs/1985JG.....93..161S},
  adsnote = {Provided by the SAO/NASA Astrophysics Data System}
}


@ARTICLE{Stolper1982,
   author = {{Stolper}, E.},
    title = "{The speciation of water in silicate melts}",
  journal = {Geochemica Cosmochemica Acta},
     year = 1982,
    month = dec,
   volume = 46,
    pages = {2609-2620},
      doi = {10.1016/0016-7037(82)90381-7},
   adsurl = {http://adsabs.harvard.edu/abs/1982GeCoA..46.2609S},
  adsnote = {Provided by the SAO/NASA Astrophysics Data System}
}

@ARTICLE{NM2008,
   author = {{Newton}, R.~C. and {Manning}, C.~E.},
    title = "{Thermodynamics of SiO $_{2}$-H$_{2}$O fluid near the upper critical end point from quartz solubility measurements at 10 kbar}",
  journal = {Earth and Planetary Science Letters},
     year = 2008,
    month = sep,
   volume = 274,
    pages = {241-249},
      doi = {10.1016/j.epsl.2008.07.028},
   adsurl = {http://adsabs.harvard.edu/abs/2008E%26PSL.274..241N},
  adsnote = {Provided by the SAO/NASA Astrophysics Data System}
}


@article{DM2010,
	author = {{Dolej\v{s}}, D. and {Manning}, C. E.},
	doi = "10.1111/j.1468-8123.2010.00282.x",
	issn = "1468-8123",
	journal = "Geofluids",
	keywords = "density model; hydration; mass transfer; mineral solubility; thermodynamics",
	number = "1-2",
	pages = "20--40",
	publisher = "Blackwell Publishing Ltd",
	title = "{Thermodynamic model for mineral solubility in aqueous fluids: theory, calibration and application to model fluid-flow systems}",
	volume = "10",
	year = "2010"
}

@ARTICLE{BK1999,
   author = {{Bureau}, H. and {Keppler}, H.},
    title = "{Complete miscibility between silicate melts and hydrous fluids in the upper mantle: experimental evidence and geochemical implications}",
  journal = {Earth and Planetary Science Letters},
     year = 1999,
    month = jan,
   volume = 165,
    pages = {187--196},
      doi = {10.1016/S0012-821X(98)00266-0},
   adsurl = {http://adsabs.harvard.edu/abs/1999E%26PSL.165..187B},
  adsnote = {Provided by the SAO/NASA Astrophysics Data System}
}

@article{ZK1998,
author = {Zotov, Nikolay and Keppler, Hans}, 
title = {The influence of water on the structure of hydrous sodium tetrasilicate glasses},
volume = {83}, 
number = {7-8}, 
pages = {823--834}, 
year = {1998},  
journal = {American Mineralogist} 
}

@ARTICLE{SK1997,
   author = {{Shen}, A.~H. and {Keppler}, H.},
    title = "{Direct observation of complete miscibility in the albite-H$_{2}$O system}",
  journal = {Nature},
     year = 1997,
    month = feb,
   volume = 385,
    pages = {710-712},
      doi = {10.1038/385710a0},
   adsurl = {http://adsabs.harvard.edu/abs/1997Natur.385..710S},
  adsnote = {Provided by the SAO/NASA Astrophysics Data System}
}

@article{SK1995,
author = {Shen, Andy and Keppler, Hans}, 
title = {{Infrared spectroscopy of hydrous silicate melts to 1000 degrees C and 10 kbar; direct observation of H$_2$O speciation in a diamond-anvil cell}},
volume = {80}, 
number = {11-12}, 
pages = {1335--1338}, 
year = {1995},  
journal = {American Mineralogist} 
}

@article{Millotetal2015,
author = {{Millot}, M. and {Dubrovinskaia}, N. and {\v{C}ernok}, A. and {Blaha}, S. and {Dubrovinsky}, L. and {Braun}, D. G. and {Celliers}, P. M. and {Collins}, G. W. and {Eggert}, J. H. and {Jeanloz}, R.}, 
title = {Shock compression of stishovite and melting of silica at planetary interior conditions},
volume = {347}, 
number = {6220}, 
pages = {418--420}, 
year = {2015}, 
doi = {10.1126/science.1261507},  
journal = {Science} 
}

@ARTICLE{SL1995,
   author = {{Shen}, G. and {Lazor}, P.},
    title = "{Measurement of melting temperatures of some minerals under lower mantle pressures}",
  journal = {Journal of Geophysical Research},
 keywords = {Mineral Physics: High-pressure behavior, Mineralogy and Petrology: Experimental mineralogy and petrology, Mineral Physics: Instruments and techniques},
     year = 1995,
    month = sep,
   volume = 100,
    pages = {17699},
      doi = {10.1029/95JB01864},
   adsurl = {http://adsabs.harvard.edu/abs/1995JGR...10017699S},
  adsnote = {Provided by the SAO/NASA Astrophysics Data System}
}

@ARTICLE{LAM1983,
   author = {{Lyzenga}, G.~A. and {Ahrens}, T.~J. and {Mitchell}, A.~C.},
    title = "{Shock temperatures of SiO$_{2}$ and their geophysical implications}",
  journal = {Journal of Geophysical Research},
 keywords = {Physical Properties of Rocks: Equations of state, Planetology: Comets, Planetology: Meteoritics, Planetology: Surfaces of planets},
     year = 1983,
    month = mar,
   volume = 88,
    pages = {2431-2444},
      doi = {10.1029/JB088iB03p02431},
   adsurl = {http://adsabs.harvard.edu/abs/1983JGR....88.2431L},
  adsnote = {Provided by the SAO/NASA Astrophysics Data System}
}

@article{FFH2004,
	author = "Frank, Mark R. and Fei, Yingwei and Hu, Jingzhu",
	doi = "10.1016/j.gca.2003.12.007",
	issn = "0016-7037",
	journal = "Geochimica et Cosmochimica Acta",
	note = "",
	number = "13",
	pages = "2781--2790",
	title = "{Constraining the equation of state of fluid H$_2$O to 80 GPa using the melting curve, bulk modulus, and thermal expansivity of Ice VII}",
	volume = "68",
	year = "2004"
}

@article{HP2011,
author = {{Holland}, T. J. B. and {Powell}, R.},
title = {An improved and extended internally consistent thermodynamic dataset for phases of petrological interest, involving a new equation of state for solids},
journal = {Journal of Metamorphic Geology},
volume = {29},
number = {3},
publisher = {Blackwell Publishing Ltd},
issn = {1525-1314},
doi = {10.1111/j.1525-1314.2010.00923.x},
pages = {333--383},
keywords = {equation of state, internally consistent dataset, thermodynamic data},
year = {2011}
}

@article{PS1995,
    year={1995},
	author = "Pitzer, K.S. and Sterner, S.M.",
	doi = "10.1007/BF01441917",
	issn = "0195-928X",
	journal = "International Journal of Thermophysics",
	keywords = "carbon dioxide; fluid properties; high pressures; high temperatures; water",
	language = "English",
	number = "2",
	pages = "511–518",
	publisher = "Kluwer Academic Publishers-Plenum Publishers",
	title = "{Equations of state valid continuously from zero to extreme pressures with H$_2$O and CO$_2$ as examples}",
	url = "http://dx.doi.org/10.1007/BF01441917",
	volume = "16"
}

@ARTICLE{Kan1990,
   author = {{Kanzaki}, M.},
    title = "{Melting of silica up to 7 GPa}",
  journal = {Journal of the American Ceramic Society},
     year = 1990,
   volume = 73,
   number = 12,
    pages = {3706--3707},
      doi = {10.1111/j.1151-2916.1990.tb04282.x}
}

@ARTICLE{LSOK2011,
   author = {{Litasov}, K.~D. and {Shatskiy}, A. and {Ohtani}, E. and {Katsura}, T.},
    title = "{Systematic study of hydrogen incorporation into Fe-free wadsleyite}",
  journal = {Physics and Chemistry of Minerals},
 keywords = {Wadsleyite, Olivine, Water, Transition zone, Mantle, High-pressure experiment},
     year = 2011,
    month = jan,
   volume = 38,
    pages = {75-84},
      doi = {10.1007/s00269-010-0382-3},
   adsurl = {http://adsabs.harvard.edu/abs/2011PCM....38...75L},
  adsnote = {Provided by the SAO/NASA Astrophysics Data System}
}

@article{DDFK2005,
author = {Demouchy, Sylvie and Deloule, Etienne and Frost, Daniel James and Keppler, Hans}, 
title = "{Pressure and temperature-dependence of water solubility in Fe-free wadsleyite}",
volume = {90}, 
number = {7}, 
pages = {1084-1091}, 
year = {2005}, 
doi = {10.2138/am.2005.1751},
journal = {American Mineralogist} 
}

@article{KG2006,
author = {Kohn, Simon C. and Grant, Kevin J.}, 
title = {The Partitioning of Water Between Nominally Anhydrous Minerals and Silicate Melts},
volume = {62}, 
number = {1}, 
pages = {231-241}, 
year = {2006}, 
doi = {10.2138/rmg.2006.62.10}, 
URL = {http://rimg.geoscienceworld.org/content/62/1/231.short}, 
eprint = {http://rimg.geoscienceworld.org/content/62/1/231.full.pdf+html}, 
journal = {Reviews in Mineralogy and Geochemistry} 
}

@ARTICLE{MSK2008,
   author = {{Mookherjee}, M. and {Stixrude}, L. and {Karki}, B.},
    title = "{Hydrous silicate melt at high pressure}",
  journal = {Nature},
     year = 2008,
    month = apr,
   volume = 452,
    pages = {983-986},
      doi = {10.1038/nature06918},
   adsurl = {http://adsabs.harvard.edu/abs/2008Natur.452..983M},
  adsnote = {Provided by the SAO/NASA Astrophysics Data System}
}

@ARTICLE{OMY2000,
   author = {{Ohtani}, E. and {Mizobata}, H. and {Yurimoto}, H.},
    title = "{Stability of dense hydrous magnesium silicate phases in the systems Mg$_{2}$SiO$_{4}$-H$_{2}$O and MgSiO$_{3}$-H$_{2}$O at pressures up to 27 GPa}",
  journal = {Physics and Chemistry of Minerals},
     year = 2000,
   volume = 27,
    pages = {533-544},
      doi = {10.1007/s002690000097},
   adsurl = {http://adsabs.harvard.edu/abs/2000PCM....27..533O},
  adsnote = {Provided by the SAO/NASA Astrophysics Data System}
}

@article {SFNHB2006,
author = {Smyth, J. R. and Frost, D. J. and Nestola, F. and Holl, C. M. and Bromiley, G.},
title = {Olivine hydration in the deep upper mantle: Effects of temperature and silica activity},
journal = {Geophysical Research Letters},
volume = {33},
number = {15},
issn = {1944-8007},
doi = {10.1029/2006GL026194},
pages = {15301},
keywords = {Mantle processes, Mineral and crystal chemistry, Mantle processes, High-pressure behavior, X-ray, neutron, and electron spectroscopy and diffraction},
year = {2006},
note = {L15301},
}

@ARTICLE{BK2003,
   author = {{Bercovici}, D. and {Karato}, S.-i.},
    title = "{Whole-mantle convection and the transition-zone water filter}",
  journal = {Nature},
     year = 2003,
    month = sep,
   volume = 425,
    pages = {39-44},
   adsurl = {http://adsabs.harvard.edu/abs/2003Natur.425...39B},
  adsnote = {Provided by the SAO/NASA Astrophysics Data System}
}

@article{KB2006,
author = {Keppler, Hans and Bolfan-Casanova, Nathalie}, 
title = {Thermodynamics of Water Solubility and Partitioning},
volume = {62}, 
number = {1}, 
pages = {193-230}, 
year = {2006}, 
doi = {10.2138/rmg.2006.62.9}, 
journal = {Reviews in Mineralogy and Geochemistry} 
}

@ARTICLE{MF2010,
   author = {{Mookherjee}, M. and {Frost}, D.~J.},
    title = "{The composition of hydrous partial melt at 410 km: Geodynamic implications (Invited)}",
  journal = {AGU Fall Meeting Abstracts},
 keywords = {[1037] GEOCHEMISTRY / Magma genesis and partial melting, [3612] MINERALOGY AND PETROLOGY / Reactions and phase equilibria, [3630] MINERALOGY AND PETROLOGY / Experimental mineralogy and petrology, [3999] MINERAL PHYSICS / General or miscellaneous},
     year = 2010,
    month = dec,
    pages = {A1},
   adsurl = {http://adsabs.harvard.edu/abs/2010AGUFMMR44A..01M},
  adsnote = {Provided by the SAO/NASA Astrophysics Data System}
}

@article {JDH2010,
author = {Jasbinsek, John J. and Dueker, Ken G. and Hansen, Steven M.},
title = "{Characterizing the 410 km discontinuity low-velocity layer beneath the LA RISTRA array in the North American Southwest}",
journal = {Geochemistry, Geophysics, Geosystems},
volume = {11},
number = {3},
issn = {1525-2027},
doi = {10.1029/2009GC002836},
pages = {n/a--n/a},
keywords = {Mantle processes, Earth's interior: composition and state, 410 km discontinuity, mantle transition zone, receiver functions},
year = {2010},
note = {Q03008},
}

@ARTICLE{SKA2001,
   author = {{Spiegelman}, M. and {Kelemen}, P.~B. and {Aharonov}, E.},
    title = "{Causes and consequences of flow organization during melt transport: The reaction infiltration instability in compactible media}",
  journal = {Journal of Geophysical Research},
 keywords = {Marine Geology and Geophysics: Midocean ridge processes, Mathematical Geophysics: Nonlinear dynamics, Mathematical Geophysics: Numerical solutions, Volcanology: Magma migration},
     year = 2001,
    month = feb,
   volume = 106,
    pages = {2061-2077},
      doi = {10.1029/2000JB900240},
   adsurl = {http://adsabs.harvard.edu/abs/2001JGR...106.2061S},
  adsnote = {Provided by the SAO/NASA Astrophysics Data System}
}

@ARTICLE{LSKO2009,
   author = {{Litasov}, K.~D. and {Shatskiy}, A.~F. and {Katsura}, T. and 
	{Ohtani}, E.},
    title = "{Water solubility in forsterite at 8-14 GPa}",
  journal = {Doklady Earth Sciences},
     year = 2009,
    month = apr,
   volume = 425,
    pages = {432-435},
      doi = {10.1134/S1028334X09030180},
   adsurl = {http://adsabs.harvard.edu/abs/2009DokES.425..432L},
  adsnote = {Provided by the SAO/NASA Astrophysics Data System}
}
